<?xml version="1.0" encoding="UTF-8"?><collection><record><leader>09179ntm a2201153 a 4500</leader><controlfield tag="001">006819037</controlfield><controlfield tag="003">MiAaHDL</controlfield><controlfield tag="005">20190719000000.0</controlfield><controlfield tag="006">m        d        </controlfield><controlfield tag="007">cr bn ---auaua</controlfield><controlfield tag="008">090616s193u    ua            ||| ||ara d</controlfield><datafield tag="035" ind1=" " ind2=" "><subfield code="a">(MiU)006819037</subfield></datafield><datafield tag="035" ind1=" " ind2=" "><subfield code="a">sdr-miu006819037</subfield></datafield><datafield tag="040" ind1=" " ind2=" "><subfield code="a">MiU</subfield><subfield code="c">MiU</subfield><subfield code="e">amremm</subfield></datafield><datafield tag="043" ind1=" " ind2=" "><subfield code="a">n-us-mi</subfield></datafield><datafield tag="245" ind1="0" ind2="0"><subfield code="6">880-01</subfield><subfield code="a">[Majmūʻat rasāʼil,</subfield><subfield code="f">193-?].</subfield></datafield><datafield tag="246" ind1="3" ind2="8"><subfield code="a">الاسفار</subfield></datafield><datafield tag="246" ind1="3" ind2=" "><subfield code="i">Title from inscription on 'title page' (p.1):</subfield><subfield code="a">قسم اول من الاسفار</subfield></datafield><datafield tag="260" ind1=" " ind2=" "><subfield code="a">[Egypt?,</subfield><subfield code="c">193-?].</subfield></datafield><datafield tag="300" ind1=" " ind2=" "><subfield code="a">752 p. :</subfield><subfield code="b">paper ;</subfield><subfield code="c">316 x 214 (260 x 135) mm. bound to 321 x 220 mm.</subfield></datafield><datafield tag="500" ind1=" " ind2=" "><subfield code="a">Shelfmark: Ann Arbor, University of Michigan, Special Collections Library, Isl. Ms. 908 v.1</subfield></datafield><datafield tag="500" ind1=" " ind2=" "><subfield code="a">Origin: Lacks dated colophon ; likely copied in Egypt in the late 1930s and bound for James Heyworth-Dunne (d.1974).</subfield></datafield><datafield tag="500" ind1=" " ind2=" "><subfield code="a">Former shelfmark: Mich. Isl. Ms. temp. no. 57</subfield></datafield><datafield tag="500" ind1=" " ind2=" "><subfield code="a">Binding: Boards covered in dark green cloth with dark green leather over spine (quarter binding) ; pastedowns and flyleaves in wove paper printed with a floral vegetal pattern in green ; spine gold-stamped with title, owner, and decorative accents over raised bands "الاسفار | 1 | J.H.D." ; sewing difficult to examine but appears to be over cords, in white thread, five stations ; stuck-on endbands ; overall in fairly good condition.</subfield></datafield><datafield tag="500" ind1=" " ind2=" "><subfield code="a">Support: Lined / ruled wove paper of at least two different types.</subfield></datafield><datafield tag="500" ind1=" " ind2=" "><subfield code="a">Script: Ruqʻah ; quick, modern hand in a medium line ; serifless and freely ligatured with mainly closed counters, slight effect of inclination to the right, pointing somewhat careless and in strokes rather than distinct dots ; partially vocalized.</subfield></datafield><datafield tag="500" ind1=" " ind2=" "><subfield code="a">Layout: Written in 26 lines per page.</subfield></datafield><datafield tag="500" ind1=" " ind2=" "><subfield code="a">Collation: Pagination in black ink, Hindu-Arabic numerals ; pagination in pencil, Western numerals, supplied during digitization.</subfield></datafield><datafield tag="500" ind1=" " ind2=" "><subfield code="a">Incipit: "الحمد لله رب العالمين وصلى الله على سيدنا محمد على اله وصحابته اجمعين اما بعد فهذه شذرات ذهبية من الموسوعة التي وضعها خاتمة المحققين ... المعروف بصدر الدين رحمه الله ورضي عنه امين من كتاب الاسفار الاربعة لملا صدرا فصل اعلم ان الوجود متصور بداهة لان علم كل احد بانه موجود ضروري وبداهة العلم بالخاص تستلزم بداهة العلم بالعام ..."</subfield></datafield><datafield tag="500" ind1=" " ind2=" "><subfield code="a">Title supplied by cataloguer.</subfield></datafield><datafield tag="500" ind1=" " ind2=" "><subfield code="a">Ms. codex.</subfield></datafield><datafield tag="505" ind1="0" ind2=" "><subfield code="a">24. p.682-p.752 : فصل في غريب كلامه</subfield></datafield><datafield tag="505" ind1="0" ind2=" "><subfield code="a">23. p.651-p.682 : الحكم السنية</subfield></datafield><datafield tag="505" ind1="0" ind2=" "><subfield code="a">22. p.588-p.650 : نهج البلاغة</subfield></datafield><datafield tag="505" ind1="0" ind2=" "><subfield code="a">21. p.477-p.587 : ومن خطبة له بعد</subfield></datafield><datafield tag="505" ind1="0" ind2=" "><subfield code="a">20. p.474-p.476 : [blank].</subfield></datafield><datafield tag="505" ind1="0" ind2=" "><subfield code="a">19. p.473 : موجز من الشرح لهذه الخطبة</subfield></datafield><datafield tag="505" ind1="0" ind2=" "><subfield code="a">18. p.469-p.473 : خطبة الامير المؤمنين</subfield></datafield><datafield tag="505" ind1="0" ind2=" "><subfield code="a">17. p.457-p.469 : رسالة الحكمة المشرقة وهي عبارة عن تلخيص رسالة حي بن يقظان</subfield></datafield><datafield tag="505" ind1="0" ind2=" "><subfield code="a">16. p.427-p.457 : الزهد المراد لذاته</subfield></datafield><datafield tag="505" ind1="0" ind2=" "><subfield code="a">15. p.425-p.426 : [blank].</subfield></datafield><datafield tag="505" ind1="0" ind2=" "><subfield code="a">14. p.353-p.424 : روضة الطالبين وعمدة السالكين</subfield></datafield><datafield tag="505" ind1="0" ind2=" "><subfield code="a">13. p.343-p.352 : رسالة عيون المسائل</subfield></datafield><datafield tag="505" ind1="0" ind2=" "><subfield code="a">12. p.337-p.343 : رسالة آداب طالب حكمة</subfield></datafield><datafield tag="505" ind1="0" ind2=" "><subfield code="a">11. p.333-p.337 : هذه مقالة شريفة في الابانة عن جوامع</subfield></datafield><datafield tag="505" ind1="0" ind2=" "><subfield code="a">10. p.327-p.333 : مختصر رسالة المقامات والمواطن لعلامة العامل الشيخ يوسف الهندي الامين</subfield></datafield><datafield tag="505" ind1="0" ind2=" "><subfield code="a">9. p.309-p.327 : هذه رسالة تدعى ثالث القمرين شرح بيتي الرقمتين الشهيرين</subfield></datafield><datafield tag="505" ind1="0" ind2=" "><subfield code="a">8. p.300-p.309 : شذرة من كتاب الخطابة الاريسطي بقلم ابي الوليد بن رشد</subfield></datafield><datafield tag="505" ind1="0" ind2=" "><subfield code="a">7. p.288-p.300 : هذه رسالة ما بعد الطبيعة لبهمنيار بن المرزبان احد تلاميذ الشيخ الرئيس ابي علي بن سينا الملقب بالمعلم الثالث</subfield></datafield><datafield tag="505" ind1="0" ind2=" "><subfield code="a">6. p.254-p.287 : هذه بقية النبذة التي لخصناها من الاسفار الصدرية</subfield></datafield><datafield tag="505" ind1="0" ind2=" "><subfield code="a">5. p.223-p.253 : شذور ذهبية من تاريخ الفلاسفة الاقدمين</subfield></datafield><datafield tag="505" ind1="0" ind2=" "><subfield code="a">4. p.130-p.223 : كتاب النفس الفن الثاني</subfield></datafield><datafield tag="505" ind1="0" ind2=" "><subfield code="a">3. p.105-p.130 : هذه شذور ذهبية يتلخص فيها نبذ من الهيات كتاب الشفاء للشيخ الرئيس</subfield></datafield><datafield tag="505" ind1="0" ind2=" "><subfield code="a">2. p.53-p.104 : وهذا ملخص كتاب من اعاظم الكتب الصدرية وهو كتاب المبدأ والمعاد</subfield></datafield><datafield tag="505" ind1="0" ind2=" "><subfield code="a">1. p.2-p.53 : هذه القطعة التي لخصناها من الاسفار الاربعة الصدرية</subfield></datafield><datafield tag="520" ind1="8" ind2=" "><subfield code="a">Careful copy of a vast majmūʻah of excerpts from numerous philosophical works, many of them abridged, presumably by the copyist.</subfield></datafield><datafield tag="538" ind1=" " ind2=" "><subfield code="a">Mode of access: Internet.</subfield></datafield><datafield tag="541" ind1=" " ind2=" "><subfield code="a">Acquired in the Fall of 1950.</subfield></datafield><datafield tag="546" ind1=" " ind2=" "><subfield code="a">Arabic.</subfield></datafield><datafield tag="561" ind1=" " ind2=" "><subfield code="a">On upper pastedown label with ex libris of James Heyworth-Dunne (d.1974), stamped with inventory number, "Ex Libris | J. Heyworth-Dunne | D. Lit. (London) | No 7947" ; UM Library inscription on p.3 "Dunning | Heyworth-Dunne | 6-13-51 | 71955" ; possible former inventory mark in pencil on final leaf (p.752) "231 / 53" ; marginal glosses and notabilia (side-heads).</subfield></datafield><datafield tag="600" ind1="0" ind2="0"><subfield code="a">ʻAlī ibn Abī Ṭālib,</subfield><subfield code="c">Caliph,</subfield><subfield code="d">approximately 600-661</subfield><subfield code="x">Hadith.</subfield></datafield><datafield tag="650" ind1=" " ind2="0"><subfield code="a">Manuscripts, Arabic</subfield><subfield code="z">Michigan</subfield><subfield code="z">Ann Arbor.</subfield></datafield><datafield tag="650" ind1=" " ind2="0"><subfield code="a">Arabic poetry</subfield><subfield code="x">History and criticism.</subfield></datafield><datafield tag="650" ind1=" " ind2="0"><subfield code="a">Islamic philosophy</subfield><subfield code="v">Early works to 1800.</subfield></datafield><datafield tag="700" ind1="0" ind2="2"><subfield code="a">ابن سينا.</subfield><subfield code="t">رسالة حي بن يقظان في اسرار الحكمة المشرقية.</subfield><subfield code="k">تلخيص.</subfield></datafield><datafield tag="700" ind1="0" ind2="2"><subfield code="a">Avicenna,</subfield><subfield code="d">980-1037.</subfield><subfield code="t">Risālat Ḥayy ibn Yaqẓān fī asrār al-ḥikmah al-mashriqīyah.</subfield><subfield code="k">Abridgment.</subfield></datafield><datafield tag="700" ind1="0" ind2="2"><subfield code="6">880-12</subfield><subfield code="a">Ghazzālī,</subfield><subfield code="d">1058-1111.</subfield><subfield code="t">Rawḍat al-ṭālibīn wa-ʻumdat al-sālikīn.</subfield></datafield><datafield tag="700" ind1="1" ind2="2"><subfield code="6">880-11</subfield><subfield code="a">Sharīf al-Raḍī, Muḥammad ibn al-Ḥusayn,</subfield><subfield code="d">969 or 970-1016.</subfield><subfield code="t">Nahj al-balāghah.</subfield><subfield code="k">Selections.</subfield></datafield><datafield tag="700" ind1="0" ind2="2"><subfield code="6">880-11</subfield><subfield code="a">Fārābī.</subfield><subfield code="t">ʻUyūn al-masāʼil.</subfield></datafield><datafield tag="700" ind1="0" ind2="2"><subfield code="6">880-10</subfield><subfield code="a">ʻAlī ibn Abī Ṭālib,</subfield><subfield code="c">Caliph,</subfield><subfield code="d">approximately 600-661.</subfield><subfield code="t">Speeches.</subfield></datafield><datafield tag="700" ind1="0" ind2="2"><subfield code="6">880-10</subfield><subfield code="a">Fārābī.</subfield><subfield code="t">Risālah fī-mā yanbaghī an yuqaddama qabla taʻallum al-falsafah.</subfield></datafield><datafield tag="700" ind1="1" ind2="2"><subfield code="6">880-08</subfield><subfield code="a">Suyūṭī, ʻAbd al-Raḥīm ibn ʻAbd al-Raḥmān,</subfield><subfield code="d">d. 1923?</subfield><subfield code="t">Thālith al-qamarayn sharḥ baytay al-Raqmatayn al-shahīrayn.</subfield></datafield><datafield tag="700" ind1="0" ind2="2"><subfield code="6">880-07</subfield><subfield code="a">Averroës,</subfield><subfield code="d">1126-1198.</subfield><subfield code="t">Talkhīṣ al-Khaṭābah.</subfield></datafield><datafield tag="700" ind1="0" ind2="2"><subfield code="6">880-06</subfield><subfield code="a">Aristotle.</subfield><subfield code="t">Rhetoric.</subfield><subfield code="l">Arabic.</subfield><subfield code="k">Selections.</subfield></datafield><datafield tag="700" ind1="1" ind2="2"><subfield code="6">880-05</subfield><subfield code="a">Bahmanyār ibn al-Marzubān, Abū al-Ḥasan,</subfield><subfield code="d">-1065 or 1066.</subfield><subfield code="t">Mā baʻda al-ṭabīʻah.</subfield></datafield><datafield tag="700" ind1="0" ind2="2"><subfield code="6">880-04</subfield><subfield code="a">Avicenna,</subfield><subfield code="d">980-1037.</subfield><subfield code="t">Ilāhīyāt.</subfield><subfield code="k">Selections.</subfield></datafield><datafield tag="700" ind1="1" ind2="2"><subfield code="6">880-03</subfield><subfield code="a">Ṣadr al-Dīn Shīrāzī, Muḥammad ibn Ibrāhīm,</subfield><subfield code="d">-1641.</subfield><subfield code="t">Mabdaʼ wa-al-maʻād.</subfield><subfield code="k">Abridgment.</subfield></datafield><datafield tag="700" ind1="1" ind2="2"><subfield code="6">880-03</subfield><subfield code="a">Ṣadr al-Dīn Shīrāzī, Muḥammad ibn Ibrāhīm,</subfield><subfield code="d">-1641.</subfield><subfield code="t">Asfār al-arbaʻah fī al-ḥikmah.</subfield><subfield code="k">Abridgment.</subfield></datafield><datafield tag="700" ind1="1" ind2=" "><subfield code="a">Heyworth-Dunne, J.</subfield><subfield code="q">(James),</subfield><subfield code="e">former owner.</subfield></datafield><datafield tag="740" ind1="0" ind2="2"><subfield code="a">Risālat al-ḥikmah al-mashriqīyah</subfield></datafield><datafield tag="740" ind1="0" ind2="2"><subfield code="a">Risālat ādāb ṭālib al-ḥikmah</subfield></datafield><datafield tag="740" ind1="0" ind2="2"><subfield code="6">880-09</subfield><subfield code="a">Risālat al-Maqāmāt wa-al-mawāṭin</subfield></datafield><datafield tag="740" ind1="2" ind2="2"><subfield code="a">الرسالة البهمنيارية</subfield></datafield><datafield tag="740" ind1="0" ind2="2"><subfield code="a">الاهيات</subfield></datafield><datafield tag="773" ind1="0" ind2=" "><subfield code="a">Heyworth-Dunne Collection.</subfield></datafield><datafield tag="880" ind1="0" ind2="2"><subfield code="6">700-12/</subfield><subfield code="a">غزالى.</subfield><subfield code="t">روضة الطالبين وعمدة السالكين.</subfield></datafield><datafield tag="880" ind1="0" ind2="2"><subfield code="6">700-11/</subfield><subfield code="a">شريف الرضي، محمد بن الحسين.</subfield><subfield code="t">نهج البلاغة.</subfield><subfield code="k">مختارات</subfield></datafield><datafield tag="880" ind1="0" ind2="2"><subfield code="6">700-11/</subfield><subfield code="a">فارابي.</subfield><subfield code="t">عيون المسائل.</subfield></datafield><datafield tag="880" ind1="0" ind2="2"><subfield code="6">700-10/</subfield><subfield code="a">علي بن ابي طالب،</subfield><subfield code="c">خليفة.</subfield><subfield code="t">خطب.</subfield></datafield><datafield tag="880" ind1="0" ind2="2"><subfield code="6">700-10/</subfield><subfield code="a">فارابي.</subfield><subfield code="t">رسالة في ما ينبغي ان يقدم قبل تعلم الفلسفة.</subfield></datafield><datafield tag="880" ind1="0" ind2="2"><subfield code="6">740-09/</subfield><subfield code="a">رسالة المقامات والمواطن</subfield></datafield><datafield tag="880" ind1="1" ind2="2"><subfield code="6">700-08/</subfield><subfield code="a">سيوطي، عبد الرحيم بن عبد الرحمن.</subfield><subfield code="t">ثالث القمرين شرح بيتي الرقمتين الشهيرين.</subfield></datafield><datafield tag="880" ind1="0" ind2="2"><subfield code="6">700-07/</subfield><subfield code="a">ابن رشد.</subfield><subfield code="t">تلخيص الخطابة.</subfield></datafield><datafield tag="880" ind1="0" ind2="2"><subfield code="6">700-06/</subfield><subfield code="a">اريسطو.</subfield><subfield code="t">خطابة.</subfield><subfield code="l">Arabic.</subfield><subfield code="k">مختارات</subfield></datafield><datafield tag="880" ind1="1" ind2="2"><subfield code="6">700-05/</subfield><subfield code="a">بهمنيار بن المرزبان، ابو الحسن.</subfield><subfield code="t">ما بعد الطبيعة.</subfield></datafield><datafield tag="880" ind1="0" ind2="2"><subfield code="6">700-04/</subfield><subfield code="a">ابن سينا.</subfield><subfield code="t">الهيات.</subfield><subfield code="k">مختارات.</subfield></datafield><datafield tag="880" ind1="1" ind2="2"><subfield code="6">700-03/</subfield><subfield code="a">صدر الدن شىرازى، محمد بن ابراهيم.</subfield><subfield code="t">مبدأ والمعاد.</subfield><subfield code="k">تلخيص.</subfield></datafield><datafield tag="880" ind1="1" ind2="2"><subfield code="6">700-03/</subfield><subfield code="a">صدر الدن شىرازى، محمد بن ابراهيم.</subfield><subfield code="t">اسفار الاربعة في الحكمة.</subfield><subfield code="k">تلخيص.</subfield></datafield><datafield tag="880" ind1="0" ind2="0"><subfield code="6">245-01/</subfield><subfield code="a">[مجموعة رسائل,</subfield><subfield code="f">193-م؟].</subfield></datafield><datafield tag="CID" ind1=" " ind2=" "><subfield code="a">006819037</subfield></datafield><datafield tag="DAT" ind1="0" ind2=" "><subfield code="a">20190719102639.0</subfield><subfield code="b">20190719000000.0</subfield></datafield><datafield tag="DAT" ind1="1" ind2=" "><subfield code="a">20190719090653.0</subfield><subfield code="b">2019-07-19T16:11:05Z</subfield></datafield><datafield tag="DAT" ind1="2" ind2=" "><subfield code="a">2015-10-02T18:00:03Z</subfield></datafield><datafield tag="CAT" ind1=" " ind2=" "><subfield code="a">SDR-MIU</subfield><subfield code="d">EX LIBRIS - ALEPH</subfield><subfield code="l">prepare.pl-004-008</subfield></datafield><datafield tag="FMT" ind1=" " ind2=" "><subfield code="a">BK</subfield></datafield><datafield tag="HOL" ind1=" " ind2=" "><subfield code="0">sdr-miu006819037</subfield><subfield code="a">MiU</subfield><subfield code="b">SDR</subfield><subfield code="c">MIU</subfield><subfield code="p">mdp.39015079130210</subfield><subfield code="s">MIU</subfield><subfield code="1">006819037</subfield></datafield><datafield tag="974" ind1=" " ind2=" "><subfield code="b">MIU</subfield><subfield code="c">MIU</subfield><subfield code="d">20190719</subfield><subfield code="s">lit-dlps-dc</subfield><subfield code="u">mdp.39015079130210</subfield><subfield code="y">1939</subfield><subfield code="r">ic-world</subfield><subfield code="q">man</subfield></datafield></record></collection>